[{"timestamp":1783679474,"timestampms":1783679474243,"tid":2840141013686433,"price":"64376.52","amount":"0.00310669","exchange":"gemini","type":"buy"},{"timestamp":1783679459,"timestampms":1783679459447,"tid":2840141013686356,"price":"64389.73","amount":"0.00007688","exchange":"gemini","type":"buy"},{"timestamp":1783679452,"timestampms":1783679452559,"tid":2840141013686344,"price":"64389.55","amount":"0.04842859","exchange":"gemini","type":"buy"},{"timestamp":1783679452,"timestampms":1783679452559,"tid":2840141013686343,"price":"64389.55","amount":"0.04077141","exchange":"gemini","type":"buy"},{"timestamp":1783679452,"timestampms":1783679452559,"tid":2840141013686342,"price":"64389.55","amount":"0.0062","exchange":"gemini","type":"buy"},{"timestamp":1783679452,"timestampms":1783679452559,"tid":2840141013686341,"price":"64389.55","amount":"0.0046","exchange":"gemini","type":"buy"},{"timestamp":1783679451,"timestampms":1783679451823,"tid":2840141013686337,"price":"64389.56","amount":"0.00007689","exchange":"gemini","type":"buy"},{"timestamp":1783679430,"timestampms":1783679430228,"tid":2840141013686277,"price":"64381.1","amount":"0.00007691","exchange":"gemini","type":"buy"},{"timestamp":1783679425,"timestampms":1783679425763,"tid":2840141013686269,"price":"64366.4","amount":"0.00310563","exchange":"gemini","type":"buy"},{"timestamp":1783679425,"timestampms":1783679425023,"tid":2840141013686267,"price":"64384.04","amount":"0.01065691","exchange":"gemini","type":"sell"},{"timestamp":1783679419,"timestampms":1783679419159,"tid":2840141013686259,"price":"64397.39","amount":"0.01065504","exchange":"gemini","type":"sell"},{"timestamp":1783679419,"timestampms":1783679419078,"tid":2840141013686255,"price":"64399.18","amount":"0.01065543","exchange":"gemini","type":"sell"},{"timestamp":1783679419,"timestampms":1783679419078,"tid":2840141013686254,"price":"64399.18","amount":"0.00481894","exchange":"gemini","type":"sell"},{"timestamp":1783679416,"timestampms":1783679416624,"tid":2840141013686252,"price":"64399.18","amount":"0.00273051","exchange":"gemini","type":"sell"},{"timestamp":1783679416,"timestampms":1783679416503,"tid":2840141013686250,"price":"64399.18","amount":"0.00310563","exchange":"gemini","type":"sell"},{"timestamp":1783679416,"timestampms":1783679416243,"tid":2840141013686248,"price":"64405.67","amount":"0.00037512","exchange":"gemini","type":"sell"},{"timestamp":1783679408,"timestampms":1783679408323,"tid":2840141013686218,"price":"64399.2","amount":"0.00310563","exchange":"gemini","type":"buy"},{"timestamp":1783679395,"timestampms":1783679395906,"tid":2840141013686212,"price":"64399.19","amount":"0.00757435","exchange":"gemini","type":"buy"},{"timestamp":1783679377,"timestampms":1783679377663,"tid":2840141013686194,"price":"64402.91","amount":"0.00064793","exchange":"gemini","type":"sell"},{"timestamp":1783679377,"timestampms":1783679377543,"tid":2840141013686190,"price":"64384.05","amount":"0.00064793","exchange":"gemini","type":"buy"},{"timestamp":1783679362,"timestampms":1783679362243,"tid":2840141013686182,"price":"64375.79","amount":"0.00310752","exchange":"gemini","type":"sell"},{"timestamp":1783679360,"timestampms":1783679360983,"tid":2840141013686176,"price":"64359.96","amount":"0.00310752","exchange":"gemini","type":"buy"},{"timestamp":1783679352,"timestampms":1783679352303,"tid":2840141013686116,"price":"64340.85","amount":"0.00310886","exchange":"gemini","type":"sell"},{"timestamp":1783679336,"timestampms":1783679336663,"tid":2840141013686104,"price":"64332.19","amount":"0.00310886","exchange":"gemini","type":"buy"},{"timestamp":1783679335,"timestampms":1783679335341,"tid":2840141013686102,"price":"64338.62","amount":"0.00007694","exchange":"gemini","type":"buy"},{"timestamp":1783679293,"timestampms":1783679293783,"tid":2840141013686094,"price":"64337.03","amount":"0.00310849","exchange":"gemini","type":"buy"},{"timestamp":1783679287,"timestampms":1783679287024,"tid":2840141013686086,"price":"64339.85","amount":"0.00310849","exchange":"gemini","type":"sell"},{"timestamp":1783679284,"timestampms":1783679284145,"tid":2840141013686084,"price":"64319.54","amount":"0.00310899","exchange":"gemini","type":"buy"},{"timestamp":1783679276,"timestampms":1783679276203,"tid":2840141013686078,"price":"64329.57","amount":"0.00310899","exchange":"gemini","type":"sell"},{"timestamp":1783679264,"timestampms":1783679264423,"tid":2840141013686074,"price":"64342.86","amount":"0.00310898","exchange":"gemini","type":"sell"},{"timestamp":1783679264,"timestampms":1783679264248,"tid":2840141013686068,"price":"64329.83","amount":"0.00227478","exchange":"gemini","type":"buy"},{"timestamp":1783679263,"timestampms":1783679263743,"tid":2840141013686066,"price":"64329.83","amount":"0.00310898","exchange":"gemini","type":"buy"},{"timestamp":1783679216,"timestampms":1783679216283,"tid":2840141013686040,"price":"64339.07","amount":"0.00310863","exchange":"gemini","type":"sell"},{"timestamp":1783679212,"timestampms":1783679212443,"tid":2840141013686026,"price":"64337.13","amount":"0.00310856","exchange":"gemini","type":"buy"},{"timestamp":1783679210,"timestampms":1783679210883,"tid":2840141013686024,"price":"64354","amount":"0.00310781","exchange":"gemini","type":"sell"},{"timestamp":1783679209,"timestampms":1783679209523,"tid":2840141013686020,"price":"64354.01","amount":"0.00310788","exchange":"gemini","type":"buy"},{"timestamp":1783679187,"timestampms":1783679187100,"tid":2840141013686016,"price":"64363.07","amount":"0.00007767","exchange":"gemini","type":"buy"},{"timestamp":1783679185,"timestampms":1783679185542,"tid":2840141013686000,"price":"64363.07","amount":"0.00008141","exchange":"gemini","type":"buy"},{"timestamp":1783679174,"timestampms":1783679174283,"tid":2840141013685994,"price":"64366.92","amount":"0.00310719","exchange":"gemini","type":"buy"},{"timestamp":1783679165,"timestampms":1783679165603,"tid":2840141013685986,"price":"64366.91","amount":"0.00310719","exchange":"gemini","type":"sell"},{"timestamp":1783679163,"timestampms":1783679163883,"tid":2840141013685972,"price":"64366.35","amount":"0.00310748","exchange":"gemini","type":"sell"},{"timestamp":1783679159,"timestampms":1783679159843,"tid":2840141013685968,"price":"64360.81","amount":"0.00161446","exchange":"gemini","type":"buy"},{"timestamp":1783679159,"timestampms":1783679159843,"tid":2840141013685967,"price":"64360.81","amount":"0.00149252","exchange":"gemini","type":"buy"},{"timestamp":1783679159,"timestampms":1783679159723,"tid":2840141013685965,"price":"64360.81","amount":"0.00310748","exchange":"gemini","type":"buy"},{"timestamp":1783679158,"timestampms":1783679158763,"tid":2840141013685961,"price":"64371.19","amount":"0.00310698","exchange":"gemini","type":"sell"},{"timestamp":1783679130,"timestampms":1783679130029,"tid":2840141013685948,"price":"64375.15","amount":"0.00007691","exchange":"gemini","type":"buy"},{"timestamp":1783679129,"timestampms":1783679129993,"tid":2840141013685944,"price":"64375.15","amount":"0.00007691","exchange":"gemini","type":"buy"},{"timestamp":1783679122,"timestampms":1783679122644,"tid":2840141013685936,"price":"64360.15","amount":"0.00310718","exchange":"gemini","type":"buy"},{"timestamp":1783679092,"timestampms":1783679092183,"tid":2840141013685922,"price":"64366.96","amount":"0.00310718","exchange":"gemini","type":"sell"},{"timestamp":1783679089,"timestampms":1783679089464,"tid":2840141013685912,"price":"64362.76","amount":"0.00310804","exchange":"gemini","type":"sell"},{"timestamp":1783679066,"timestampms":1783679066283,"tid":2840141013685890,"price":"64349.19","amount":"0.00310804","exchange":"gemini","type":"buy"},{"timestamp":1783679058,"timestampms":1783679058383,"tid":2840141013685886,"price":"64371.24","amount":"0.00310805","exchange":"gemini","type":"sell"},{"timestamp":1783679046,"timestampms":1783679046523,"tid":2840141013685856,"price":"64348.96","amount":"0.00310805","exchange":"gemini","type":"buy"},{"timestamp":1783679045,"timestampms":1783679045443,"tid":2840141013685850,"price":"64354.6","amount":"0.0031086","exchange":"gemini","type":"buy"},{"timestamp":1783679029,"timestampms":1783679029643,"tid":2840141013685802,"price":"64337.65","amount":"0.0031086","exchange":"gemini","type":"sell"},{"timestamp":1783679010,"timestampms":1783679010465,"tid":2840141013685777,"price":"64308.7","amount":"0.0031095","exchange":"gemini","type":"buy"},{"timestamp":1783679010,"timestampms":1783679010343,"tid":2840141013685773,"price":"64319.05","amount":"0.0031095","exchange":"gemini","type":"sell"},{"timestamp":1783679009,"timestampms":1783679009763,"tid":2840141013685769,"price":"64319.06","amount":"0.00007702","exchange":"gemini","type":"buy"},{"timestamp":1783678978,"timestampms":1783678978701,"tid":2840141013685759,"price":"64271.95","amount":"0.00007703","exchange":"gemini","type":"buy"},{"timestamp":1783678978,"timestampms":1783678978613,"tid":2840141013685757,"price":"64271.95","amount":"0.00007703","exchange":"gemini","type":"buy"},{"timestamp":1783678958,"timestampms":1783678958623,"tid":2840141013685731,"price":"64266.16","amount":"0.00310955","exchange":"gemini","type":"sell"},{"timestamp":1783678956,"timestampms":1783678956543,"tid":2840141013685569,"price":"64292","amount":"0.25509568","exchange":"gemini","type":"buy"},{"timestamp":1783678956,"timestampms":1783678956543,"tid":2840141013685568,"price":"64291.49","amount":"0.0046","exchange":"gemini","type":"buy"},{"timestamp":1783678956,"timestampms":1783678956543,"tid":2840141013685567,"price":"64291.49","amount":"0.0062","exchange":"gemini","type":"buy"},{"timestamp":1783678956,"timestampms":1783678956524,"tid":2840141013685563,"price":"64291.49","amount":"0.0046","exchange":"gemini","type":"buy"},{"timestamp":1783678956,"timestampms":1783678956524,"tid":2840141013685562,"price":"64291.49","amount":"0.0062","exchange":"gemini","type":"buy"},{"timestamp":1783678956,"timestampms":1783678956483,"tid":2840141013685494,"price":"64317.98","amount":"0.00000487","exchange":"gemini","type":"sell"},{"timestamp":1783678956,"timestampms":1783678956483,"tid":2840141013685492,"price":"64317.98","amount":"0.01677","exchange":"gemini","type":"sell"},{"timestamp":1783678956,"timestampms":1783678956483,"tid":2840141013685490,"price":"64319.44","amount":"0.00000667","exchange":"gemini","type":"sell"},{"timestamp":1783678956,"timestampms":1783678956483,"tid":2840141013685486,"price":"64319.44","amount":"0.07772","exchange":"gemini","type":"sell"},{"timestamp":1783678956,"timestampms":1783678956482,"tid":2840141013685478,"price":"64320.34","amount":"0.16130096","exchange":"gemini","type":"sell"},{"timestamp":1783678956,"timestampms":1783678956482,"tid":2840141013685470,"price":"64320.34","amount":"0.1474","exchange":"gemini","type":"sell"},{"timestamp":1783678956,"timestampms":1783678956482,"tid":2840141013685468,"price":"64320.34","amount":"0.0297","exchange":"gemini","type":"sell"},{"timestamp":1783678956,"timestampms":1783678956478,"tid":2840141013685462,"price":"64320.34","amount":"0.12795298","exchange":"gemini","type":"sell"},{"timestamp":1783678956,"timestampms":1783678956478,"tid":2840141013685461,"price":"64320.34","amount":"0.04663702","exchange":"gemini","type":"sell"},{"timestamp":1783678952,"timestampms":1783678952503,"tid":2840141013685457,"price":"64317.99","amount":"0.00310955","exchange":"gemini","type":"buy"},{"timestamp":1783678927,"timestampms":1783678927797,"tid":2840141013685450,"price":"64327.14","amount":"0.00310168","exchange":"gemini","type":"buy"},{"timestamp":1783678923,"timestampms":1783678923537,"tid":2840141013685446,"price":"64320.31","amount":"0.00007698","exchange":"gemini","type":"buy"},{"timestamp":1783678922,"timestampms":1783678922523,"tid":2840141013685444,"price":"64325.8","amount":"0.00310947","exchange":"gemini","type":"buy"},{"timestamp":1783678913,"timestampms":1783678913626,"tid":2840141013685433,"price":"64305.31","amount":"0.00311016","exchange":"gemini","type":"sell"},{"timestamp":1783678896,"timestampms":1783678896486,"tid":2840141013685429,"price":"64287.12","amount":"0.00007776","exchange":"gemini","type":"buy"},{"timestamp":1783678894,"timestampms":1783678894983,"tid":2840141013685427,"price":"64293.01","amount":"0.00311076","exchange":"gemini","type":"sell"},{"timestamp":1783678891,"timestampms":1783678891203,"tid":2840141013685423,"price":"64279.62","amount":"0.0031112","exchange":"gemini","type":"buy"},{"timestamp":1783678890,"timestampms":1783678890803,"tid":2840141013685412,"price":"64277.97","amount":"0.00311149","exchange":"gemini","type":"buy"},{"timestamp":1783678885,"timestampms":1783678885564,"tid":2840141013685404,"price":"64275.86","amount":"0.00311159","exchange":"gemini","type":"sell"},{"timestamp":1783678885,"timestampms":1783678885443,"tid":2840141013685400,"price":"64272.75","amount":"0.00311174","exchange":"gemini","type":"sell"},{"timestamp":1783678867,"timestampms":1783678867623,"tid":2840141013685392,"price":"64260.57","amount":"0.0000778","exchange":"gemini","type":"buy"},{"timestamp":1783678844,"timestampms":1783678844818,"tid":2840141013685378,"price":"64260.57","amount":"0.0000778","exchange":"gemini","type":"buy"},{"timestamp":1783678820,"timestampms":1783678820761,"tid":2840141013685374,"price":"64265.45","amount":"0.00311189","exchange":"gemini","type":"buy"},{"timestamp":1783678820,"timestampms":1783678820631,"tid":2840141013685368,"price":"64265.45","amount":"0.00311209","exchange":"gemini","type":"buy"},{"timestamp":1783678808,"timestampms":1783678808669,"tid":2840141013685360,"price":"64269.43","amount":"0.00007702","exchange":"gemini","type":"buy"},{"timestamp":1783678800,"timestampms":1783678800623,"tid":2840141013685354,"price":"64269.41","amount":"0.00311189","exchange":"gemini","type":"sell"},{"timestamp":1783678800,"timestampms":1783678800503,"tid":2840141013685350,"price":"64273.38","amount":"0.00311171","exchange":"gemini","type":"sell"},{"timestamp":1783678800,"timestampms":1783678800354,"tid":2840141013685346,"price":"64273.39","amount":"0.00002342","exchange":"gemini","type":"buy"},{"timestamp":1783678800,"timestampms":1783678800354,"tid":2840141013685345,"price":"64273.39","amount":"0.00308829","exchange":"gemini","type":"buy"},{"timestamp":1783678800,"timestampms":1783678800243,"tid":2840141013685341,"price":"64273.39","amount":"0.00311171","exchange":"gemini","type":"buy"},{"timestamp":1783678794,"timestampms":1783678794863,"tid":2840141013685337,"price":"64273.38","amount":"0.00311163","exchange":"gemini","type":"sell"},{"timestamp":1783678794,"timestampms":1783678794743,"tid":2840141013685333,"price":"64273.38","amount":"0.00311171","exchange":"gemini","type":"sell"},{"timestamp":1783678761,"timestampms":1783678761243,"tid":2840141013685315,"price":"64269.65","amount":"0.00311189","exchange":"gemini","type":"buy"},{"timestamp":1783678761,"timestampms":1783678761123,"tid":2840141013685311,"price":"64276.06","amount":"0.00311158","exchange":"gemini","type":"sell"},{"timestamp":1783678743,"timestampms":1783678743843,"tid":2840141013685309,"price":"64281.42","amount":"0.00311132","exchange":"gemini","type":"buy"},{"timestamp":1783678743,"timestampms":1783678743723,"tid":2840141013685303,"price":"64291.94","amount":"0.00311081","exchange":"gemini","type":"buy"},{"timestamp":1783678714,"timestampms":1783678714263,"tid":2840141013685299,"price":"64291.92","amount":"0.00311081","exchange":"gemini","type":"sell"},{"timestamp":1783678714,"timestampms":1783678714143,"tid":2840141013685297,"price":"64291.91","amount":"0.00311161","exchange":"gemini","type":"sell"},{"timestamp":1783678709,"timestampms":1783678709863,"tid":2840141013685267,"price":"64275.37","amount":"0.00298101","exchange":"gemini","type":"buy"},{"timestamp":1783678696,"timestampms":1783678696893,"tid":2840141013685263,"price":"64275.37","amount":"0.00007778","exchange":"gemini","type":"buy"},{"timestamp":1783678640,"timestampms":1783678640441,"tid":2840141013685242,"price":"64277.28","amount":"0.00007776","exchange":"gemini","type":"buy"},{"timestamp":1783678608,"timestampms":1783678608598,"tid":2840141013685236,"price":"64293.7","amount":"0.00007775","exchange":"gemini","type":"buy"},{"timestamp":1783678602,"timestampms":1783678602103,"tid":2840141013685224,"price":"64301.2","amount":"0.00004557","exchange":"gemini","type":"buy"},{"timestamp":1783678590,"timestampms":1783678590344,"tid":2840141013685214,"price":"64300","amount":"0.0001306","exchange":"gemini","type":"buy"},{"timestamp":1783678589,"timestampms":1783678589363,"tid":2840141013685210,"price":"64288.94","amount":"0.00311055","exchange":"gemini","type":"buy"},{"timestamp":1783678582,"timestampms":1783678582443,"tid":2840141013685206,"price":"64288.93","amount":"0.00311096","exchange":"gemini","type":"sell"},{"timestamp":1783678582,"timestampms":1783678582323,"tid":2840141013685202,"price":"64288.93","amount":"0.00311096","exchange":"gemini","type":"sell"},{"timestamp":1783678555,"timestampms":1783678555745,"tid":2840141013685192,"price":"64280.42","amount":"0.00168629","exchange":"gemini","type":"buy"},{"timestamp":1783678554,"timestampms":1783678554006,"tid":2840141013685188,"price":"64280.42","amount":"0.00075889","exchange":"gemini","type":"buy"},{"timestamp":1783678551,"timestampms":1783678551876,"tid":2840141013685186,"price":"64280.42","amount":"0.00007701","exchange":"gemini","type":"buy"},{"timestamp":1783678545,"timestampms":1783678545383,"tid":2840141013685164,"price":"64280.4","amount":"0.00311137","exchange":"gemini","type":"buy"},{"timestamp":1783678502,"timestampms":1783678502887,"tid":2840141013685145,"price":"64268.21","amount":"0.00311158","exchange":"gemini","type":"sell"},{"timestamp":1783678502,"timestampms":1783678502868,"tid":2840141013685139,"price":"64267.11","amount":"0.00419387","exchange":"gemini","type":"buy"},{"timestamp":1783678502,"timestampms":1783678502868,"tid":2840141013685138,"price":"64266.42","amount":"0.04667441","exchange":"gemini","type":"buy"},{"timestamp":1783678502,"timestampms":1783678502868,"tid":2840141013685137,"price":"64265.14","amount":"0.0062","exchange":"gemini","type":"buy"},{"timestamp":1783678502,"timestampms":1783678502868,"tid":2840141013685136,"price":"64265.14","amount":"0.0046","exchange":"gemini","type":"buy"},{"timestamp":1783678502,"timestampms":1783678502868,"tid":2840141013685135,"price":"64265.14","amount":"0.01609221","exchange":"gemini","type":"buy"},{"timestamp":1783678496,"timestampms":1783678496111,"tid":2840141013685133,"price":"64263.53","amount":"0.00311219","exchange":"gemini","type":"buy"},{"timestamp":1783678495,"timestampms":1783678495989,"tid":2840141013685129,"price":"64263.53","amount":"0.00311219","exchange":"gemini","type":"buy"},{"timestamp":1783678494,"timestampms":1783678494289,"tid":2840141013685125,"price":"64263.53","amount":"0.00080454","exchange":"gemini","type":"buy"},{"timestamp":1783678437,"timestampms":1783678437459,"tid":2840141013685099,"price":"64250.92","amount":"0.00075924","exchange":"gemini","type":"buy"},{"timestamp":1783678430,"timestampms":1783678430523,"tid":2840141013685095,"price":"64250.91","amount":"0.0031128","exchange":"gemini","type":"sell"},{"timestamp":1783678420,"timestampms":1783678420956,"tid":2840141013685083,"price":"64239.15","amount":"0.00037961","exchange":"gemini","type":"buy"},{"timestamp":1783678420,"timestampms":1783678420458,"tid":2840141013685079,"price":"64239.15","amount":"0.00007706","exchange":"gemini","type":"buy"},{"timestamp":1783678419,"timestampms":1783678419143,"tid":2840141013685075,"price":"64237.16","amount":"0.00311333","exchange":"gemini","type":"buy"},{"timestamp":1783678415,"timestampms":1783678415658,"tid":2840141013685069,"price":"64234.78","amount":"0.00007783","exchange":"gemini","type":"buy"},{"timestamp":1783678410,"timestampms":1783678410243,"tid":2840141013685067,"price":"64239.9","amount":"0.00311333","exchange":"gemini","type":"sell"},{"timestamp":1783678398,"timestampms":1783678398003,"tid":2840141013685063,"price":"64239.92","amount":"0.00311274","exchange":"gemini","type":"buy"},{"timestamp":1783678386,"timestampms":1783678386185,"tid":2840141013685053,"price":"64252.11","amount":"0.0031126","exchange":"gemini","type":"sell"},{"timestamp":1783678386,"timestampms":1783678386063,"tid":2840141013685049,"price":"64252.12","amount":"0.00311274","exchange":"gemini","type":"sell"},{"timestamp":1783678360,"timestampms":1783678360436,"tid":2840141013685027,"price":"64252.13","amount":"0.00007781","exchange":"gemini","type":"buy"},{"timestamp":1783678352,"timestampms":1783678352524,"tid":2840141013685021,"price":"64255.05","amount":"0.00002413","exchange":"gemini","type":"buy"},{"timestamp":1783678352,"timestampms":1783678352524,"tid":2840141013685020,"price":"64255.05","amount":"0.0030874","exchange":"gemini","type":"buy"},{"timestamp":1783678352,"timestampms":1783678352403,"tid":2840141013685016,"price":"64255.05","amount":"0.0031126","exchange":"gemini","type":"buy"},{"timestamp":1783678342,"timestampms":1783678342371,"tid":2840141013685014,"price":"64262.65","amount":"0.00007778","exchange":"gemini","type":"buy"},{"timestamp":1783678324,"timestampms":1783678324487,"tid":2840141013685012,"price":"64277.05","amount":"0.00133619","exchange":"gemini","type":"sell"},{"timestamp":1783678316,"timestampms":1783678316051,"tid":2840141013685006,"price":"64277.05","amount":"0.00311114","exchange":"gemini","type":"sell"},{"timestamp":1783678315,"timestampms":1783678315924,"tid":2840141013685004,"price":"64277.05","amount":"0.00311153","exchange":"gemini","type":"sell"},{"timestamp":1783678299,"timestampms":1783678299629,"tid":2840141013684996,"price":"64277.06","amount":"0.00040973","exchange":"gemini","type":"buy"},{"timestamp":1783678279,"timestampms":1783678279637,"tid":2840141013684990,"price":"64285.17","amount":"0.00151752","exchange":"gemini","type":"buy"},{"timestamp":1783678269,"timestampms":1783678269028,"tid":2840141013684982,"price":"64285.17","amount":"0.00162143","exchange":"gemini","type":"buy"},{"timestamp":1783678269,"timestampms":1783678269028,"tid":2840141013684981,"price":"64285.17","amount":"0.00148886","exchange":"gemini","type":"buy"},{"timestamp":1783678268,"timestampms":1783678268906,"tid":2840141013684979,"price":"64285.17","amount":"0.00311114","exchange":"gemini","type":"buy"},{"timestamp":1783678265,"timestampms":1783678265521,"tid":2840141013684975,"price":"64289.55","amount":"0.00073969","exchange":"gemini","type":"buy"},{"timestamp":1783678263,"timestampms":1783678263525,"tid":2840141013684969,"price":"64289.55","amount":"0.000077","exchange":"gemini","type":"buy"},{"timestamp":1783678244,"timestampms":1783678244884,"tid":2840141013684961,"price":"64289.54","amount":"0.00311093","exchange":"gemini","type":"sell"},{"timestamp":1783678244,"timestampms":1783678244763,"tid":2840141013684957,"price":"64291.7","amount":"0.00311082","exchange":"gemini","type":"sell"},{"timestamp":1783678244,"timestampms":1783678244027,"tid":2840141013684955,"price":"64278.41","amount":"0.00311146","exchange":"gemini","type":"buy"},{"timestamp":1783678243,"timestampms":1783678243863,"tid":2840141013684953,"price":"64277.12","amount":"0.00311153","exchange":"gemini","type":"buy"},{"timestamp":1783678243,"timestampms":1783678243043,"tid":2840141013684951,"price":"64277.05","amount":"0.00311153","exchange":"gemini","type":"sell"},{"timestamp":1783678242,"timestampms":1783678242924,"tid":2840141013684949,"price":"64277.11","amount":"0.00311153","exchange":"gemini","type":"sell"},{"timestamp":1783678213,"timestampms":1783678213411,"tid":2840141013684921,"price":"64277.12","amount":"0.00075893","exchange":"gemini","type":"buy"},{"timestamp":1783678206,"timestampms":1783678206823,"tid":2840141013684917,"price":"64277.07","amount":"0.00311153","exchange":"gemini","type":"buy"},{"timestamp":1783678173,"timestampms":1783678173786,"tid":2840141013684889,"price":"64277.12","amount":"0.00007778","exchange":"gemini","type":"buy"},{"timestamp":1783678157,"timestampms":1783678157003,"tid":2840141013684867,"price":"64282.16","amount":"0.00311153","exchange":"gemini","type":"sell"},{"timestamp":1783678153,"timestampms":1783678153583,"tid":2840141013684857,"price":"64277.07","amount":"0.00311153","exchange":"gemini","type":"buy"},{"timestamp":1783678141,"timestampms":1783678141983,"tid":2840141013684837,"price":"64278.01","amount":"0.00311112","exchange":"gemini","type":"buy"},{"timestamp":1783678137,"timestampms":1783678137672,"tid":2840141013684831,"price":"64277.06","amount":"0.00007778","exchange":"gemini","type":"buy"},{"timestamp":1783678132,"timestampms":1783678132880,"tid":2840141013684825,"price":"64278.44","amount":"0.00007777","exchange":"gemini","type":"buy"},{"timestamp":1783678086,"timestampms":1783678086885,"tid":2840141013684769,"price":"64285.51","amount":"0.00311112","exchange":"gemini","type":"sell"},{"timestamp":1783678062,"timestampms":1783678062803,"tid":2840141013684746,"price":"64282.93","amount":"0.00311132","exchange":"gemini","type":"buy"},{"timestamp":1783678059,"timestampms":1783678059263,"tid":2840141013684742,"price":"64281.31","amount":"0.00311132","exchange":"gemini","type":"sell"},{"timestamp":1783678058,"timestampms":1783678058239,"tid":2840141013684740,"price":"64281.32","amount":"0.00007777","exchange":"gemini","type":"buy"},{"timestamp":1783678038,"timestampms":1783678038463,"tid":2840141013684725,"price":"64291.32","amount":"0.00311049","exchange":"gemini","type":"sell"},{"timestamp":1783678035,"timestampms":1783678035186,"tid":2840141013684721,"price":"64298.54","amount":"0.00075868","exchange":"gemini","type":"buy"},{"timestamp":1783678032,"timestampms":1783678032684,"tid":2840141013684717,"price":"64298.54","amount":"0.00311049","exchange":"gemini","type":"buy"},{"timestamp":1783678032,"timestampms":1783678032483,"tid":2840141013684709,"price":"64310.54","amount":"0.00310962","exchange":"gemini","type":"sell"},{"timestamp":1783678024,"timestampms":1783678024184,"tid":2840141013684707,"price":"64310.55","amount":"0.00007774","exchange":"gemini","type":"buy"},{"timestamp":1783678023,"timestampms":1783678023919,"tid":2840141013684705,"price":"64308.25","amount":"0.040824","exchange":"gemini","type":"buy"},{"timestamp":1783678006,"timestampms":1783678006884,"tid":2840141013684699,"price":"64316.63","amount":"0.00310962","exchange":"gemini","type":"buy"},{"timestamp":1783677992,"timestampms":1783677992849,"tid":2840141013684681,"price":"64321.41","amount":"0.00007773","exchange":"gemini","type":"buy"},{"timestamp":1783677973,"timestampms":1783677973395,"tid":2840141013684673,"price":"64325.07","amount":"0.00007696","exchange":"gemini","type":"buy"},{"timestamp":1783677967,"timestampms":1783677967923,"tid":2840141013684669,"price":"64325.06","amount":"0.00310921","exchange":"gemini","type":"sell"},{"timestamp":1783677960,"timestampms":1783677960043,"tid":2840141013684663,"price":"64325.07","amount":"0.00310921","exchange":"gemini","type":"buy"},{"timestamp":1783677957,"timestampms":1783677957083,"tid":2840141013684661,"price":"64325.06","amount":"0.00310938","exchange":"gemini","type":"sell"},{"timestamp":1783677956,"timestampms":1783677956883,"tid":2840141013684657,"price":"64321.54","amount":"0.00310938","exchange":"gemini","type":"buy"},{"timestamp":1783677944,"timestampms":1783677944033,"tid":2840141013684647,"price":"64320.47","amount":"0.00227511","exchange":"gemini","type":"buy"},{"timestamp":1783677937,"timestampms":1783677937368,"tid":2840141013684643,"price":"64321.54","amount":"0.00015162","exchange":"gemini","type":"buy"},{"timestamp":1783677936,"timestampms":1783677936184,"tid":2840141013684637,"price":"64321.54","amount":"0.00007696","exchange":"gemini","type":"buy"},{"timestamp":1783677929,"timestampms":1783677929211,"tid":2840141013684625,"price":"64320.47","amount":"0.00007773","exchange":"gemini","type":"buy"},{"timestamp":1783677926,"timestampms":1783677926737,"tid":2840141013684621,"price":"64320.47","amount":"0.00007773","exchange":"gemini","type":"buy"},{"timestamp":1783677925,"timestampms":1783677925188,"tid":2840141013684615,"price":"64320.47","amount":"0.00015162","exchange":"gemini","type":"buy"},{"timestamp":1783677909,"timestampms":1783677909888,"tid":2840141013684613,"price":"64315.86","amount":"0.00007773","exchange":"gemini","type":"buy"},{"timestamp":1783677899,"timestampms":1783677899463,"tid":2840141013684611,"price":"64319.73","amount":"0.00007773","exchange":"gemini","type":"buy"},{"timestamp":1783677896,"timestampms":1783677896123,"tid":2840141013684605,"price":"64319.73","amount":"0.00310946","exchange":"gemini","type":"buy"},{"timestamp":1783677894,"timestampms":1783677894781,"tid":2840141013684603,"price":"64319.73","amount":"0.00007773","exchange":"gemini","type":"buy"},{"timestamp":1783677883,"timestampms":1783677883654,"tid":2840141013684601,"price":"64319.94","amount":"0.00007698","exchange":"gemini","type":"buy"},{"timestamp":1783677882,"timestampms":1783677882523,"tid":2840141013684597,"price":"64319.93","amount":"0.00310946","exchange":"gemini","type":"sell"},{"timestamp":1783677867,"timestampms":1783677867831,"tid":2840141013684593,"price":"64307.67","amount":"0.00007698","exchange":"gemini","type":"buy"},{"timestamp":1783677859,"timestampms":1783677859583,"tid":2840141013684589,"price":"64304.71","amount":"0.00311078","exchange":"gemini","type":"sell"},{"timestamp":1783677850,"timestampms":1783677850801,"tid":2840141013684585,"price":"64294.54","amount":"0.00007699","exchange":"gemini","type":"buy"},{"timestamp":1783677847,"timestampms":1783677847163,"tid":2840141013684571,"price":"64292.66","amount":"0.00311078","exchange":"gemini","type":"buy"},{"timestamp":1783677841,"timestampms":1783677841744,"tid":2840141013684563,"price":"64292.66","amount":"0.00311078","exchange":"gemini","type":"buy"},{"timestamp":1783677839,"timestampms":1783677839104,"tid":2840141013684559,"price":"64292.65","amount":"0.00311078","exchange":"gemini","type":"sell"},{"timestamp":1783677836,"timestampms":1783677836475,"tid":2840141013684555,"price":"64295.77","amount":"0.00007774","exchange":"gemini","type":"buy"},{"timestamp":1783677814,"timestampms":1783677814333,"tid":2840141013684539,"price":"64310.63","amount":"0.00007773","exchange":"gemini","type":"buy"},{"timestamp":1783677812,"timestampms":1783677812892,"tid":2840141013684535,"price":"64308.28","amount":"0.00007773","exchange":"gemini","type":"buy"},{"timestamp":1783677793,"timestampms":1783677793831,"tid":2840141013684529,"price":"64323.01","amount":"0.00002327","exchange":"gemini","type":"sell"},{"timestamp":1783677792,"timestampms":1783677792833,"tid":2840141013684525,"price":"64323.02","amount":"0.00075839","exchange":"gemini","type":"buy"},{"timestamp":1783677790,"timestampms":1783677790972,"tid":2840141013684521,"price":"64323.02","amount":"0.00007771","exchange":"gemini","type":"buy"},{"timestamp":1783677763,"timestampms":1783677763859,"tid":2840141013684388,"price":"64337.67","amount":"0.00007695","exchange":"gemini","type":"buy"},{"timestamp":1783677761,"timestampms":1783677761463,"tid":2840141013684382,"price":"64326.07","amount":"0.00310864","exchange":"gemini","type":"buy"},{"timestamp":1783677761,"timestampms":1783677761393,"tid":2840141013684380,"price":"64336.85","amount":"0.00755358","exchange":"gemini","type":"sell"},{"timestamp":1783677760,"timestampms":1783677760263,"tid":2840141013684378,"price":"64336.85","amount":"0.00310864","exchange":"gemini","type":"sell"},{"timestamp":1783677736,"timestampms":1783677736943,"tid":2840141013684359,"price":"64346.38","amount":"0.00310762","exchange":"gemini","type":"buy"},{"timestamp":1783677733,"timestampms":1783677733547,"tid":2840141013684357,"price":"64352.81","amount":"0.00007769","exchange":"gemini","type":"buy"},{"timestamp":1783677721,"timestampms":1783677721283,"tid":2840141013684351,"price":"64357.94","amount":"0.00310762","exchange":"gemini","type":"sell"},{"timestamp":1783677714,"timestampms":1783677714836,"tid":2840141013684345,"price":"64357.95","amount":"0.00007692","exchange":"gemini","type":"buy"},{"timestamp":1783677711,"timestampms":1783677711898,"tid":2840141013684341,"price":"64353.62","amount":"0.003107","exchange":"gemini","type":"buy"},{"timestamp":1783677709,"timestampms":1783677709223,"tid":2840141013684339,"price":"64357.91","amount":"0.00310762","exchange":"gemini","type":"sell"},{"timestamp":1783677709,"timestampms":1783677709103,"tid":2840141013684337,"price":"64357.89","amount":"0.00310762","exchange":"gemini","type":"sell"},{"timestamp":1783677708,"timestampms":1783677708844,"tid":2840141013684333,"price":"64345.2","amount":"0.00310824","exchange":"gemini","type":"buy"},{"timestamp":1783677692,"timestampms":1783677692073,"tid":2840141013684323,"price":"64349.04","amount":"0.00310836","exchange":"gemini","type":"sell"},{"timestamp":1783677691,"timestampms":1783677691963,"tid":2840141013684319,"price":"64342.57","amount":"0.00310836","exchange":"gemini","type":"buy"},{"timestamp":1783677680,"timestampms":1783677680160,"tid":2840141013684315,"price":"64342.56","amount":"0.0000777","exchange":"gemini","type":"buy"},{"timestamp":1783677679,"timestampms":1783677679603,"tid":2840141013684311,"price":"64345.76","amount":"0.00310806","exchange":"gemini","type":"sell"},{"timestamp":1783677667,"timestampms":1783677667423,"tid":2840141013684307,"price":"64348.83","amount":"0.00310689","exchange":"gemini","type":"buy"},{"timestamp":1783677667,"timestampms":1783677667303,"tid":2840141013684303,"price":"64348.84","amount":"0.00310806","exchange":"gemini","type":"buy"},{"timestamp":1783677654,"timestampms":1783677654975,"tid":2840141013684301,"price":"64370.59","amount":"0.00007767","exchange":"gemini","type":"buy"},{"timestamp":1783677635,"timestampms":1783677635089,"tid":2840141013684299,"price":"64373.81","amount":"0.0000769","exchange":"gemini","type":"buy"},{"timestamp":1783677632,"timestampms":1783677632783,"tid":2840141013684289,"price":"64373.09","amount":"0.00310689","exchange":"gemini","type":"sell"},{"timestamp":1783677607,"timestampms":1783677607663,"tid":2840141013684267,"price":"64362.5","amount":"0.00310762","exchange":"gemini","type":"buy"},{"timestamp":1783677601,"timestampms":1783677601583,"tid":2840141013684261,"price":"64357.97","amount":"0.00310762","exchange":"gemini","type":"sell"},{"timestamp":1783677585,"timestampms":1783677585883,"tid":2840141013684259,"price":"64350.67","amount":"0.00310758","exchange":"gemini","type":"buy"},{"timestamp":1783677576,"timestampms":1783677576164,"tid":2840141013684255,"price":"64358.85","amount":"0.00310758","exchange":"gemini","type":"sell"},{"timestamp":1783677576,"timestampms":1783677576043,"tid":2840141013684251,"price":"64356.6","amount":"0.00310787","exchange":"gemini","type":"sell"},{"timestamp":1783677575,"timestampms":1783677575904,"tid":2840141013684244,"price":"64352.85","amount":"0.00310787","exchange":"gemini","type":"buy"},{"timestamp":1783677570,"timestampms":1783677570273,"tid":2840141013684240,"price":"64352","amount":"0.00007768","exchange":"gemini","type":"buy"},{"timestamp":1783677500,"timestampms":1783677500983,"tid":2840141013684218,"price":"64361.74","amount":"0.00310704","exchange":"gemini","type":"buy"},{"timestamp":1783677482,"timestampms":1783677482585,"tid":2840141013684214,"price":"64370","amount":"0.00310704","exchange":"gemini","type":"sell"},{"timestamp":1783677482,"timestampms":1783677482403,"tid":2840141013684210,"price":"64362.09","amount":"0.00310817","exchange":"gemini","type":"sell"},{"timestamp":1783677475,"timestampms":1783677475424,"tid":2840141013684208,"price":"64346.06","amount":"0.00310817","exchange":"gemini","type":"buy"},{"timestamp":1783677461,"timestampms":1783677461143,"tid":2840141013684196,"price":"64356.25","amount":"0.00310758","exchange":"gemini","type":"sell"},{"timestamp":1783677451,"timestampms":1783677451473,"tid":2840141013684194,"price":"64358.86","amount":"0.00310758","exchange":"gemini","type":"buy"},{"timestamp":1783677449,"timestampms":1783677449983,"tid":2840141013684192,"price":"64358.86","amount":"0.00310775","exchange":"gemini","type":"buy"},{"timestamp":1783677423,"timestampms":1783677423618,"tid":2840141013684190,"price":"64355.26","amount":"0.00007768","exchange":"gemini","type":"buy"},{"timestamp":1783677422,"timestampms":1783677422605,"tid":2840141013684188,"price":"64355.25","amount":"0.00310775","exchange":"gemini","type":"sell"},{"timestamp":1783677379,"timestampms":1783677379245,"tid":2840141013684138,"price":"64363.57","amount":"0.00310781","exchange":"gemini","type":"sell"},{"timestamp":1783677375,"timestampms":1783677375218,"tid":2840141013684136,"price":"64350.84","amount":"0.00007769","exchange":"gemini","type":"buy"},{"timestamp":1783677370,"timestampms":1783677370364,"tid":2840141013684132,"price":"64354","amount":"0.00001468","exchange":"gemini","type":"buy"},{"timestamp":1783677370,"timestampms":1783677370364,"tid":2840141013684131,"price":"64354","amount":"0.00309236","exchange":"gemini","type":"buy"},{"timestamp":1783677370,"timestampms":1783677370243,"tid":2840141013684125,"price":"64354","amount":"0.00310764","exchange":"gemini","type":"buy"},{"timestamp":1783677370,"timestampms":1783677370221,"tid":2840141013684123,"price":"64370","amount":"0.00044725","exchange":"gemini","type":"sell"},{"timestamp":1783677370,"timestampms":1783677370221,"tid":2840141013684122,"price":"64370","amount":"0.06582254","exchange":"gemini","type":"sell"},{"timestamp":1783677366,"timestampms":1783677366642,"tid":2840141013684120,"price":"64370","amount":"0.15732662","exchange":"gemini","type":"sell"},{"timestamp":1783677359,"timestampms":1783677359310,"tid":2840141013684100,"price":"64370","amount":"0.15952848","exchange":"gemini","type":"sell"},{"timestamp":1783677337,"timestampms":1783677337323,"tid":2840141013684094,"price":"64373.46","amount":"0.00310687","exchange":"gemini","type":"sell"},{"timestamp":1783677336,"timestampms":1783677336503,"tid":2840141013684090,"price":"64374.71","amount":"0.00310674","exchange":"gemini","type":"sell"},{"timestamp":1783677331,"timestampms":1783677331243,"tid":2840141013684084,"price":"64376.24","amount":"0.00310674","exchange":"gemini","type":"buy"},{"timestamp":1783677331,"timestampms":1783677331123,"tid":2840141013684080,"price":"64375.54","amount":"0.00310677","exchange":"gemini","type":"buy"},{"timestamp":1783677309,"timestampms":1783677309466,"tid":2840141013684078,"price":"64375.54","amount":"0.0000769","exchange":"gemini","type":"buy"},{"timestamp":1783677301,"timestampms":1783677301624,"tid":2840141013684047,"price":"64375.53","amount":"0.00310677","exchange":"gemini","type":"sell"},{"timestamp":1783677300,"timestampms":1783677300685,"tid":2840141013684045,"price":"64375.53","amount":"0.00310687","exchange":"gemini","type":"sell"},{"timestamp":1783677298,"timestampms":1783677298757,"tid":2840141013684037,"price":"64373.56","amount":"0.0049253","exchange":"gemini","type":"buy"},{"timestamp":1783677287,"timestampms":1783677287563,"tid":2840141013684022,"price":"64373.56","amount":"0.00310687","exchange":"gemini","type":"buy"},{"timestamp":1783677278,"timestampms":1783677278926,"tid":2840141013683998,"price":"64373.47","amount":"0.00007767","exchange":"gemini","type":"buy"},{"timestamp":1783677253,"timestampms":1783677253244,"tid":2840141013683989,"price":"64373.47","amount":"0.00310701","exchange":"gemini","type":"buy"},{"timestamp":1783677232,"timestampms":1783677232965,"tid":2840141013683978,"price":"64367.73","amount":"0.00310715","exchange":"gemini","type":"sell"},{"timestamp":1783677232,"timestampms":1783677232363,"tid":2840141013683962,"price":"64364.34","amount":"0.00310731","exchange":"gemini","type":"sell"},{"timestamp":1783677214,"timestampms":1783677214445,"tid":2840141013683954,"price":"64361.36","amount":"0.00310745","exchange":"gemini","type":"buy"},{"timestamp":1783677205,"timestampms":1783677205664,"tid":2840141013683950,"price":"64373.86","amount":"0.0031074","exchange":"gemini","type":"sell"},{"timestamp":1783677205,"timestampms":1783677205543,"tid":2840141013683948,"price":"64362.42","amount":"0.0031074","exchange":"gemini","type":"buy"},{"timestamp":1783677203,"timestampms":1783677203556,"tid":2840141013683944,"price":"64362.42","amount":"0.00007768","exchange":"gemini","type":"buy"},{"timestamp":1783677201,"timestampms":1783677201896,"tid":2840141013683940,"price":"64362.42","amount":"0.00007765","exchange":"gemini","type":"buy"},{"timestamp":1783677201,"timestampms":1783677201896,"tid":2840141013683939,"price":"64362.42","amount":"0.00000003","exchange":"gemini","type":"buy"},{"timestamp":1783677199,"timestampms":1783677199016,"tid":2840141013683937,"price":"64362.42","amount":"0.017172","exchange":"gemini","type":"buy"},{"timestamp":1783677191,"timestampms":1783677191625,"tid":2840141013683933,"price":"64362.41","amount":"0.0031075","exchange":"gemini","type":"sell"},{"timestamp":1783677185,"timestampms":1783677185627,"tid":2840141013683927,"price":"64360.48","amount":"0.0031075","exchange":"gemini","type":"buy"},{"timestamp":1783677176,"timestampms":1783677176838,"tid":2840141013683923,"price":"64362.39","amount":"0.03107595","exchange":"gemini","type":"sell"},{"timestamp":1783677134,"timestampms":1783677134586,"tid":2840141013683915,"price":"64362.41","amount":"0.00310786","exchange":"gemini","type":"sell"},{"timestamp":1783677134,"timestampms":1783677134463,"tid":2840141013683911,"price":"64353.04","amount":"0.0031076","exchange":"gemini","type":"buy"},{"timestamp":1783677129,"timestampms":1783677129804,"tid":2840141013683903,"price":"64353.37","amount":"0.00310784","exchange":"gemini","type":"buy"},{"timestamp":1783677108,"timestampms":1783677108703,"tid":2840141013683892,"price":"64363.67","amount":"0.00310758","exchange":"gemini","type":"sell"},{"timestamp":1783677099,"timestampms":1783677099243,"tid":2840141013683886,"price":"64350.45","amount":"0.00310793","exchange":"gemini","type":"buy"},{"timestamp":1783677093,"timestampms":1783677093645,"tid":2840141013683878,"price":"64351.57","amount":"0.00310773","exchange":"gemini","type":"sell"},{"timestamp":1783677093,"timestampms":1783677093523,"tid":2840141013683874,"price":"64354.13","amount":"0.0031078","exchange":"gemini","type":"sell"},{"timestamp":1783677073,"timestampms":1783677073119,"tid":2840141013683862,"price":"64358.53","amount":"0.00007692","exchange":"gemini","type":"buy"},{"timestamp":1783677059,"timestampms":1783677059083,"tid":2840141013683848,"price":"64358.45","amount":"0.0031076","exchange":"gemini","type":"buy"},{"timestamp":1783677040,"timestampms":1783677040544,"tid":2840141013683840,"price":"64364.73","amount":"0.00310727","exchange":"gemini","type":"sell"},{"timestamp":1783677038,"timestampms":1783677038703,"tid":2840141013683836,"price":"64365.16","amount":"0.00310727","exchange":"gemini","type":"buy"},{"timestamp":1783677031,"timestampms":1783677031764,"tid":2840141013683834,"price":"64373.6","amount":"0.00007766","exchange":"gemini","type":"buy"},{"timestamp":1783677026,"timestampms":1783677026374,"tid":2840141013683832,"price":"64377.48","amount":"0.00007766","exchange":"gemini","type":"buy"},{"timestamp":1783677026,"timestampms":1783677026023,"tid":2840141013683828,"price":"64377.47","amount":"0.00310653","exchange":"gemini","type":"sell"},{"timestamp":1783677021,"timestampms":1783677021107,"tid":2840141013683824,"price":"64380.6","amount":"0.00001239","exchange":"gemini","type":"buy"},{"timestamp":1783677021,"timestampms":1783677021107,"tid":2840141013683823,"price":"64380.6","amount":"0.00309347","exchange":"gemini","type":"buy"},{"timestamp":1783677020,"timestampms":1783677020990,"tid":2840141013683819,"price":"64380.6","amount":"0.00310653","exchange":"gemini","type":"buy"},{"timestamp":1783677020,"timestampms":1783677020863,"tid":2840141013683815,"price":"64394.48","amount":"0.00310586","exchange":"gemini","type":"sell"},{"timestamp":1783676991,"timestampms":1783676991544,"tid":2840141013683794,"price":"64377.42","amount":"0.00310568","exchange":"gemini","type":"buy"},{"timestamp":1783676984,"timestampms":1783676984768,"tid":2840141013683786,"price":"64386.37","amount":"0.00310625","exchange":"gemini","type":"sell"},{"timestamp":1783676984,"timestampms":1783676984643,"tid":2840141013683782,"price":"64386.37","amount":"0.00310625","exchange":"gemini","type":"sell"},{"timestamp":1783676984,"timestampms":1783676984523,"tid":2840141013683778,"price":"64374.42","amount":"0.00310682","exchange":"gemini","type":"buy"},{"timestamp":1783676944,"timestampms":1783676944241,"tid":2840141013683751,"price":"64366.24","amount":"0.00007768","exchange":"gemini","type":"buy"},{"timestamp":1783676941,"timestampms":1783676941053,"tid":2840141013683733,"price":"64366.59","amount":"0.00313265","exchange":"gemini","type":"sell"},{"timestamp":1783676940,"timestampms":1783676940626,"tid":2840141013683731,"price":"64365.01","amount":"0.0031058","exchange":"gemini","type":"buy"},{"timestamp":1783676935,"timestampms":1783676935353,"tid":2840141013683725,"price":"64380.6","amount":"0.01065566","exchange":"gemini","type":"sell"},{"timestamp":1783676930,"timestampms":1783676930343,"tid":2840141013683721,"price":"64395.6","amount":"0.0031058","exchange":"gemini","type":"sell"},{"timestamp":1783676926,"timestampms":1783676926244,"tid":2840141013683717,"price":"64395.61","amount":"0.00310544","exchange":"gemini","type":"buy"},{"timestamp":1783676926,"timestampms":1783676926103,"tid":2840141013683713,"price":"64403.12","amount":"0.00310544","exchange":"gemini","type":"sell"},{"timestamp":1783676895,"timestampms":1783676895443,"tid":2840141013683707,"price":"64397.93","amount":"0.0031053","exchange":"gemini","type":"buy"},{"timestamp":1783676881,"timestampms":1783676881966,"tid":2840141013683701,"price":"64409.63","amount":"0.00011764","exchange":"gemini","type":"sell"},{"timestamp":1783676880,"timestampms":1783676880923,"tid":2840141013683697,"price":"64411.73","amount":"0.0031053","exchange":"gemini","type":"sell"},{"timestamp":1783676848,"timestampms":1783676848883,"tid":2840141013683695,"price":"64394.76","amount":"0.00310548","exchange":"gemini","type":"sell"},{"timestamp":1783676844,"timestampms":1783676844863,"tid":2840141013683691,"price":"64402.36","amount":"0.00310548","exchange":"gemini","type":"buy"},{"timestamp":1783676815,"timestampms":1783676815103,"tid":2840141013683659,"price":"64417.73","amount":"0.00310402","exchange":"gemini","type":"buy"},{"timestamp":1783676810,"timestampms":1783676810890,"tid":2840141013683649,"price":"64415.7","amount":"0.0000776","exchange":"gemini","type":"buy"},{"timestamp":1783676801,"timestampms":1783676801844,"tid":2840141013683596,"price":"64425.01","amount":"0.00310437","exchange":"gemini","type":"sell"},{"timestamp":1783676801,"timestampms":1783676801463,"tid":2840141013683594,"price":"64427.01","amount":"0.00310419","exchange":"gemini","type":"sell"},{"timestamp":1783676771,"timestampms":1783676771907,"tid":2840141013683572,"price":"64430.35","amount":"0.00060562","exchange":"gemini","type":"buy"},{"timestamp":1783676751,"timestampms":1783676751964,"tid":2840141013683570,"price":"64421.84","amount":"0.00310454","exchange":"gemini","type":"buy"},{"timestamp":1783676726,"timestampms":1783676726824,"tid":2840141013683551,"price":"64412.52","amount":"0.00310455","exchange":"gemini","type":"buy"},{"timestamp":1783676724,"timestampms":1783676724323,"tid":2840141013683549,"price":"64420.35","amount":"0.00310455","exchange":"gemini","type":"sell"},{"timestamp":1783676704,"timestampms":1783676704174,"tid":2840141013683539,"price":"64414.38","amount":"0.00030289","exchange":"gemini","type":"buy"},{"timestamp":1783676700,"timestampms":1783676700343,"tid":2840141013683535,"price":"64411.52","amount":"0.00310464","exchange":"gemini","type":"buy"},{"timestamp":1783676693,"timestampms":1783676693143,"tid":2840141013683531,"price":"64419.72","amount":"0.00310464","exchange":"gemini","type":"sell"},{"timestamp":1783676692,"timestampms":1783676692683,"tid":2840141013683527,"price":"64418.21","amount":"0.0031062","exchange":"gemini","type":"sell"},{"timestamp":1783676692,"timestampms":1783676692639,"tid":2840141013683511,"price":"64388.73","amount":"0.0776414","exchange":"gemini","type":"buy"},{"timestamp":1783676692,"timestampms":1783676692639,"tid":2840141013683510,"price":"64388.7","amount":"0.16308148","exchange":"gemini","type":"buy"},{"timestamp":1783676692,"timestampms":1783676692639,"tid":2840141013683509,"price":"64388.32","amount":"0.01656272","exchange":"gemini","type":"buy"},{"timestamp":1783676692,"timestampms":1783676692639,"tid":2840141013683508,"price":"64387.49","amount":"0.04658328","exchange":"gemini","type":"buy"},{"timestamp":1783676692,"timestampms":1783676692639,"tid":2840141013683507,"price":"64387.43","amount":"0.04077054","exchange":"gemini","type":"buy"},{"timestamp":1783676676,"timestampms":1783676676287,"tid":2840141013683501,"price":"64387.43","amount":"0.00310613","exchange":"gemini","type":"buy"},{"timestamp":1783676676,"timestampms":1783676676166,"tid":2840141013683499,"price":"64387.43","amount":"0.0031062","exchange":"gemini","type":"buy"},{"timestamp":1783676659,"timestampms":1783676659003,"tid":2840141013683491,"price":"64388.87","amount":"0.00310613","exchange":"gemini","type":"sell"},{"timestamp":1783676653,"timestampms":1783676653068,"tid":2840141013683485,"price":"64382.27","amount":"0.00007689","exchange":"gemini","type":"buy"},{"timestamp":1783676627,"timestampms":1783676627443,"tid":2840141013683481,"price":"64380.32","amount":"0.0031065","exchange":"gemini","type":"buy"},{"timestamp":1783676596,"timestampms":1783676596465,"tid":2840141013683477,"price":"64381.03","amount":"0.0031065","exchange":"gemini","type":"sell"},{"timestamp":1783676587,"timestampms":1783676587176,"tid":2840141013683475,"price":"64366.84","amount":"0.00007767","exchange":"gemini","type":"buy"},{"timestamp":1783676567,"timestampms":1783676567723,"tid":2840141013683460,"price":"64373.66","amount":"0.00310662","exchange":"gemini","type":"buy"},{"timestamp":1783676567,"timestampms":1783676567403,"tid":2840141013683458,"price":"64378.73","amount":"0.00310662","exchange":"gemini","type":"sell"},{"timestamp":1783676566,"timestampms":1783676566063,"tid":2840141013683456,"price":"64376.92","amount":"0.00310653","exchange":"gemini","type":"sell"},{"timestamp":1783676563,"timestampms":1783676563683,"tid":2840141013683410,"price":"64380.42","amount":"0.00310653","exchange":"gemini","type":"buy"},{"timestamp":1783676546,"timestampms":1783676546249,"tid":2840141013683402,"price":"64386.81","amount":"0.0000769","exchange":"gemini","type":"buy"},{"timestamp":1783676502,"timestampms":1783676502443,"tid":2840141013683390,"price":"64368.18","amount":"0.00310653","exchange":"gemini","type":"buy"},{"timestamp":1783676502,"timestampms":1783676502303,"tid":2840141013683386,"price":"64380.57","amount":"0.00310653","exchange":"gemini","type":"sell"},{"timestamp":1783676498,"timestampms":1783676498265,"tid":2840141013683384,"price":"64377.97","amount":"0.00310671","exchange":"gemini","type":"sell"},{"timestamp":1783676497,"timestampms":1783676497663,"tid":2840141013683382,"price":"64376.75","amount":"0.00310671","exchange":"gemini","type":"buy"},{"timestamp":1783676467,"timestampms":1783676467443,"tid":2840141013683325,"price":"64399.35","amount":"0.00310635","exchange":"gemini","type":"sell"},{"timestamp":1783676463,"timestampms":1783676463903,"tid":2840141013683311,"price":"64384.33","amount":"0.00310635","exchange":"gemini","type":"buy"},{"timestamp":1783676450,"timestampms":1783676450663,"tid":2840141013683303,"price":"64396.44","amount":"0.00310599","exchange":"gemini","type":"sell"},{"timestamp":1783676447,"timestampms":1783676447224,"tid":2840141013683299,"price":"64390.33","amount":"0.00007764","exchange":"gemini","type":"buy"},{"timestamp":1783676443,"timestampms":1783676443643,"tid":2840141013683293,"price":"64392.55","amount":"0.00310599","exchange":"gemini","type":"buy"},{"timestamp":1783676440,"timestampms":1783676440143,"tid":2840141013683291,"price":"64406.51","amount":"0.00310527","exchange":"gemini","type":"sell"},{"timestamp":1783676439,"timestampms":1783676439484,"tid":2840141013683287,"price":"64406.54","amount":"0.00310527","exchange":"gemini","type":"buy"},{"timestamp":1783676434,"timestampms":1783676434712,"tid":2840141013683283,"price":"64413.59","amount":"0.00007686","exchange":"gemini","type":"buy"},{"timestamp":1783676391,"timestampms":1783676391915,"tid":2840141013683273,"price":"64403.92","amount":"0.00007687","exchange":"gemini","type":"buy"},{"timestamp":1783676365,"timestampms":1783676365233,"tid":2840141013683269,"price":"64398.39","amount":"0.00754681","exchange":"gemini","type":"sell"},{"timestamp":1783676349,"timestampms":1783676349305,"tid":2840141013683234,"price":"64398.39","amount":"0.00310553","exchange":"gemini","type":"sell"},{"timestamp":1783676343,"timestampms":1783676343143,"tid":2840141013683224,"price":"64401.19","amount":"0.00310553","exchange":"gemini","type":"buy"},{"timestamp":1783676332,"timestampms":1783676332743,"tid":2840141013683220,"price":"64408.27","amount":"0.00310478","exchange":"gemini","type":"buy"},{"timestamp":1783676331,"timestampms":1783676331423,"tid":2840141013683216,"price":"64416.89","amount":"0.00310478","exchange":"gemini","type":"sell"},{"timestamp":1783676302,"timestampms":1783676302205,"tid":2840141013683181,"price":"64429.72","amount":"0.00310509","exchange":"gemini","type":"sell"},{"timestamp":1783676301,"timestampms":1783676301243,"tid":2840141013683175,"price":"64410.3","amount":"0.00310509","exchange":"gemini","type":"buy"},{"timestamp":1783676291,"timestampms":1783676291163,"tid":2840141013683151,"price":"64407.23","amount":"0.00310497","exchange":"gemini","type":"buy"},{"timestamp":1783676290,"timestampms":1783676290184,"tid":2840141013683147,"price":"64406.47","amount":"0.00310528","exchange":"gemini","type":"sell"},{"timestamp":1783676290,"timestampms":1783676290063,"tid":2840141013683143,"price":"64407.88","amount":"0.00310521","exchange":"gemini","type":"sell"},{"timestamp":1783676287,"timestampms":1783676287986,"tid":2840141013683141,"price":"64402.18","amount":"0.00007686","exchange":"gemini","type":"buy"},{"timestamp":1783676282,"timestampms":1783676282023,"tid":2840141013683139,"price":"64401.5","amount":"0.00310552","exchange":"gemini","type":"buy"},{"timestamp":1783676263,"timestampms":1783676263443,"tid":2840141013683103,"price":"64400.42","amount":"0.00007479","exchange":"gemini","type":"sell"},{"timestamp":1783676260,"timestampms":1783676260123,"tid":2840141013683099,"price":"64413.81","amount":"0.00310497","exchange":"gemini","type":"buy"},{"timestamp":1783676250,"timestampms":1783676250923,"tid":2840141013683091,"price":"64412.95","amount":"0.00310497","exchange":"gemini","type":"sell"},{"timestamp":1783676228,"timestampms":1783676228773,"tid":2840141013683089,"price":"64398.4","amount":"0.00007762","exchange":"gemini","type":"buy"},{"timestamp":1783676211,"timestampms":1783676211523,"tid":2840141013683072,"price":"64410.1","amount":"0.00310468","exchange":"gemini","type":"buy"},{"timestamp":1783676197,"timestampms":1783676197483,"tid":2840141013683066,"price":"64418.81","amount":"0.00310468","exchange":"gemini","type":"sell"},{"timestamp":1783676193,"timestampms":1783676193021,"tid":2840141013683062,"price":"64409","amount":"0.00007686","exchange":"gemini","type":"buy"},{"timestamp":1783676182,"timestampms":1783676182863,"tid":2840141013683048,"price":"64405.77","amount":"0.00310567","exchange":"gemini","type":"buy"},{"timestamp":1783676182,"timestampms":1783676182024,"tid":2840141013683044,"price":"64398.39","amount":"0.00310567","exchange":"gemini","type":"sell"},{"timestamp":1783676181,"timestampms":1783676181723,"tid":2840141013683040,"price":"64398.39","amount":"0.00310588","exchange":"gemini","type":"sell"},{"timestamp":1783676176,"timestampms":1783676176663,"tid":2840141013683036,"price":"64393.95","amount":"0.00310588","exchange":"gemini","type":"buy"},{"timestamp":1783676162,"timestampms":1783676162843,"tid":2840141013683030,"price":"64425.72","amount":"0.00310448","exchange":"gemini","type":"buy"},{"timestamp":1783676159,"timestampms":1783676159943,"tid":2840141013683028,"price":"64422.97","amount":"0.00310448","exchange":"gemini","type":"sell"},{"timestamp":1783676153,"timestampms":1783676153863,"tid":2840141013683018,"price":"64403.67","amount":"0.00310582","exchange":"gemini","type":"buy"},{"timestamp":1783676149,"timestampms":1783676149130,"tid":2840141013683006,"price":"64411.1","amount":"0.00007687","exchange":"gemini","type":"buy"},{"timestamp":1783676136,"timestampms":1783676136583,"tid":2840141013682994,"price":"64395.13","amount":"0.00310582","exchange":"gemini","type":"sell"},{"timestamp":1783676120,"timestampms":1783676120983,"tid":2840141013682982,"price":"64381.27","amount":"0.0031056","exchange":"gemini","type":"buy"},{"timestamp":1783676119,"timestampms":1783676119903,"tid":2840141013682980,"price":"64389.44","amount":"0.00310614","exchange":"gemini","type":"sell"},{"timestamp":1783676086,"timestampms":1783676086783,"tid":2840141013682960,"price":"64364.4","amount":"0.00310731","exchange":"gemini","type":"buy"},{"timestamp":1783676083,"timestampms":1783676083149,"tid":2840141013682958,"price":"64377.32","amount":"0.00007766","exchange":"gemini","type":"buy"},{"timestamp":1783676076,"timestampms":1783676076804,"tid":2840141013682950,"price":"64377.32","amount":"0.00007766","exchange":"gemini","type":"buy"},{"timestamp":1783676073,"timestampms":1783676073357,"tid":2840141013682946,"price":"64377.32","amount":"0.00045465","exchange":"gemini","type":"buy"},{"timestamp":1783676070,"timestampms":1783676070146,"tid":2840141013682944,"price":"64375.6","amount":"0.00310677","exchange":"gemini","type":"sell"},{"timestamp":1783676066,"timestampms":1783676066103,"tid":2840141013682940,"price":"64370.71","amount":"0.00310658","exchange":"gemini","type":"buy"},{"timestamp":1783676064,"timestampms":1783676064123,"tid":2840141013682936,"price":"64379.47","amount":"0.00310658","exchange":"gemini","type":"sell"},{"timestamp":1783676043,"timestampms":1783676043143,"tid":2840141013682924,"price":"64396.11","amount":"0.00310619","exchange":"gemini","type":"buy"},{"timestamp":1783676027,"timestampms":1783676027563,"tid":2840141013682914,"price":"64387.58","amount":"0.00310619","exchange":"gemini","type":"sell"},{"timestamp":1783676022,"timestampms":1783676022703,"tid":2840141013682896,"price":"64379.82","amount":"0.00310588","exchange":"gemini","type":"sell"},{"timestamp":1783676018,"timestampms":1783676018383,"tid":2840141013682884,"price":"64389.59","amount":"0.00310609","exchange":"gemini","type":"buy"},{"timestamp":1783676005,"timestampms":1783676005862,"tid":2840141013682878,"price":"64375.15","amount":"0.00007764","exchange":"gemini","type":"buy"},{"timestamp":1783675994,"timestampms":1783675994803,"tid":2840141013682876,"price":"64396.33","amount":"0.00310577","exchange":"gemini","type":"sell"},{"timestamp":1783675994,"timestampms":1783675994043,"tid":2840141013682872,"price":"64400.59","amount":"0.00310556","exchange":"gemini","type":"buy"},{"timestamp":1783675979,"timestampms":1783675979563,"tid":2840141013682854,"price":"64406.31","amount":"0.00310472","exchange":"gemini","type":"buy"},{"timestamp":1783675979,"timestampms":1783675979443,"tid":2840141013682850,"price":"64418.05","amount":"0.00310472","exchange":"gemini","type":"sell"},{"timestamp":1783675953,"timestampms":1783675953363,"tid":2840141013682840,"price":"64423.52","amount":"0.00310474","exchange":"gemini","type":"buy"},{"timestamp":1783675946,"timestampms":1783675946363,"tid":2840141013682836,"price":"64417.53","amount":"0.00310474","exchange":"gemini","type":"sell"},{"timestamp":1783675929,"timestampms":1783675929543,"tid":2840141013682813,"price":"64414.65","amount":"0.0031048","exchange":"gemini","type":"buy"},{"timestamp":1783675926,"timestampms":1783675926943,"tid":2840141013682811,"price":"64416.48","amount":"0.0031048","exchange":"gemini","type":"sell"},{"timestamp":1783675908,"timestampms":1783675908743,"tid":2840141013682797,"price":"64403.07","amount":"0.0031053","exchange":"gemini","type":"sell"},{"timestamp":1783675902,"timestampms":1783675902583,"tid":2840141013682783,"price":"64405.85","amount":"0.0031053","exchange":"gemini","type":"buy"},{"timestamp":1783675885,"timestampms":1783675885943,"tid":2840141013682744,"price":"64412.68","amount":"0.00310489","exchange":"gemini","type":"buy"},{"timestamp":1783675880,"timestampms":1783675880764,"tid":2840141013682736,"price":"64414.5","amount":"0.00310489","exchange":"gemini","type":"sell"},{"timestamp":1783675869,"timestampms":1783675869131,"tid":2840141013682712,"price":"64414.66","amount":"0.0045932","exchange":"gemini","type":"sell"},{"timestamp":1783675860,"timestampms":1783675860683,"tid":2840141013682684,"price":"64408.89","amount":"0.00310723","exchange":"gemini","type":"sell"},{"timestamp":1783675858,"timestampms":1783675858983,"tid":2840141013682548,"price":"64365.98","amount":"0.00310723","exchange":"gemini","type":"buy"},{"timestamp":1783675829,"timestampms":1783675829003,"tid":2840141013682501,"price":"64363.48","amount":"0.00310797","exchange":"gemini","type":"buy"},{"timestamp":1783675818,"timestampms":1783675818963,"tid":2840141013682481,"price":"64350.58","amount":"0.00310797","exchange":"gemini","type":"sell"},{"timestamp":1783675807,"timestampms":1783675807323,"tid":2840141013682479,"price":"64352.43","amount":"0.00310665","exchange":"gemini","type":"buy"},{"timestamp":1783675804,"timestampms":1783675804785,"tid":2840141013682445,"price":"64368.23","amount":"0.00310665","exchange":"gemini","type":"sell"},{"timestamp":1783675803,"timestampms":1783675803865,"tid":2840141013682420,"price":"64388.75","amount":"0.00031335","exchange":"gemini","type":"sell"},{"timestamp":1783675803,"timestampms":1783675803723,"tid":2840141013682395,"price":"64381.86","amount":"0.00031335","exchange":"gemini","type":"buy"},{"timestamp":1783675803,"timestampms":1783675803659,"tid":2840141013682391,"price":"64377.42","amount":"0.0011504","exchange":"gemini","type":"buy"},{"timestamp":1783675775,"timestampms":1783675775545,"tid":2840141013682383,"price":"64377.37","amount":"0.0031072","exchange":"gemini","type":"buy"},{"timestamp":1783675770,"timestampms":1783675770231,"tid":2840141013682379,"price":"64369.79","amount":"0.00007691","exchange":"gemini","type":"buy"},{"timestamp":1783675768,"timestampms":1783675768523,"tid":2840141013682375,"price":"64366.57","amount":"0.0031072","exchange":"gemini","type":"sell"},{"timestamp":1783675743,"timestampms":1783675743004,"tid":2840141013682365,"price":"64355.9","amount":"0.00310766","exchange":"gemini","type":"sell"},{"timestamp":1783675740,"timestampms":1783675740223,"tid":2840141013682359,"price":"64357.11","amount":"0.00310766","exchange":"gemini","type":"buy"},{"timestamp":1783675724,"timestampms":1783675724703,"tid":2840141013682351,"price":"64369.07","amount":"0.00310758","exchange":"gemini","type":"sell"},{"timestamp":1783675722,"timestampms":1783675722303,"tid":2840141013682347,"price":"64358.74","amount":"0.00310758","exchange":"gemini","type":"buy"},{"timestamp":1783675692,"timestampms":1783675692563,"tid":2840141013682333,"price":"64332.05","amount":"0.00310839","exchange":"gemini","type":"buy"},{"timestamp":1783675683,"timestampms":1783675683223,"tid":2840141013682329,"price":"64341.99","amount":"0.00310839","exchange":"gemini","type":"sell"},{"timestamp":1783675676,"timestampms":1783675676163,"tid":2840141013682325,"price":"64330.38","amount":"0.00310852","exchange":"gemini","type":"buy"},{"timestamp":1783675664,"timestampms":1783675664946,"tid":2840141013682315,"price":"64339.33","amount":"0.00310852","exchange":"gemini","type":"sell"},{"timestamp":1783675657,"timestampms":1783675657063,"tid":2840141013682313,"price":"64332.7","amount":"0.00310897","exchange":"gemini","type":"sell"},{"timestamp":1783675652,"timestampms":1783675652552,"tid":2840141013682311,"price":"64330.18","amount":"0.00007695","exchange":"gemini","type":"buy"},{"timestamp":1783675650,"timestampms":1783675650983,"tid":2840141013682305,"price":"64330.08","amount":"0.00310897","exchange":"gemini","type":"buy"},{"timestamp":1783675639,"timestampms":1783675639964,"tid":2840141013682301,"price":"64333.23","amount":"0.00310951","exchange":"gemini","type":"sell"},{"timestamp":1783675638,"timestampms":1783675638783,"tid":2840141013682299,"price":"64318.9","amount":"0.00310951","exchange":"gemini","type":"buy"},{"timestamp":1783675629,"timestampms":1783675629883,"tid":2840141013682297,"price":"64319.18","amount":"0.00310977","exchange":"gemini","type":"buy"},{"timestamp":1783675602,"timestampms":1783675602303,"tid":2840141013682287,"price":"64297.25","amount":"0.00311053","exchange":"gemini","type":"sell"},{"timestamp":1783675601,"timestampms":1783675601983,"tid":2840141013682283,"price":"64294.36","amount":"0.00311068","exchange":"gemini","type":"sell"},{"timestamp":1783675595,"timestampms":1783675595303,"tid":2840141013682279,"price":"64278.97","amount":"0.00311144","exchange":"gemini","type":"buy"},{"timestamp":1783675586,"timestampms":1783675586723,"tid":2840141013682275,"price":"64277.43","amount":"0.00278741","exchange":"gemini","type":"buy"},{"timestamp":1783675581,"timestampms":1783675581703,"tid":2840141013682273,"price":"64284.77","amount":"0.00278741","exchange":"gemini","type":"sell"},{"timestamp":1783675577,"timestampms":1783675577724,"tid":2840141013682271,"price":"64284.78","amount":"0.00007777","exchange":"gemini","type":"buy"},{"timestamp":1783675577,"timestampms":1783675577057,"tid":2840141013682269,"price":"64284.78","amount":"0.00007777","exchange":"gemini","type":"buy"},{"timestamp":1783675566,"timestampms":1783675566514,"tid":2840141013682267,"price":"64284.78","amount":"0.00007777","exchange":"gemini","type":"buy"},{"timestamp":1783675549,"timestampms":1783675549663,"tid":2840141013682261,"price":"64291.82","amount":"0.00310976","exchange":"gemini","type":"buy"},{"timestamp":1783675546,"timestampms":1783675546965,"tid":2840141013682238,"price":"64284.77","amount":"0.00788199","exchange":"gemini","type":"sell"},{"timestamp":1783675546,"timestampms":1783675546965,"tid":2840141013682237,"price":"64285.43","amount":"0.0062","exchange":"gemini","type":"sell"},{"timestamp":1783675546,"timestampms":1783675546965,"tid":2840141013682236,"price":"64285.61","amount":"0.0046","exchange":"gemini","type":"sell"},{"timestamp":1783675546,"timestampms":1783675546965,"tid":2840141013682235,"price":"64287.49","amount":"0.01066925","exchange":"gemini","type":"sell"},{"timestamp":1783675546,"timestampms":1783675546965,"tid":2840141013682234,"price":"64291.95","amount":"0.0062","exchange":"gemini","type":"sell"},{"timestamp":1783675546,"timestampms":1783675546965,"tid":2840141013682233,"price":"64297.33","amount":"0.16326884","exchange":"gemini","type":"sell"},{"timestamp":1783675546,"timestampms":1783675546965,"tid":2840141013682232,"price":"64298.38","amount":"0.0046","exchange":"gemini","type":"sell"},{"timestamp":1783675546,"timestampms":1783675546965,"tid":2840141013682231,"price":"64298.38","amount":"0.0062","exchange":"gemini","type":"sell"},{"timestamp":1783675546,"timestampms":1783675546965,"tid":2840141013682230,"price":"64302.77","amount":"0.04081638","exchange":"gemini","type":"sell"},{"timestamp":1783675546,"timestampms":1783675546965,"tid":2840141013682229,"price":"64311.26","amount":"0.04664258","exchange":"gemini","type":"sell"},{"timestamp":1783675546,"timestampms":1783675546965,"tid":2840141013682228,"price":"64313.73","amount":"0.28874487","exchange":"gemini","type":"sell"},{"timestamp":1783675546,"timestampms":1783675546963,"tid":2840141013682224,"price":"64313.73","amount":"0.00310976","exchange":"gemini","type":"sell"},{"timestamp":1783675546,"timestampms":1783675546963,"tid":2840141013682220,"price":"64313.73","amount":"0.174612","exchange":"gemini","type":"sell"},{"timestamp":1783675531,"timestampms":1783675531446,"tid":2840141013682210,"price":"64305.35","amount":"0.00311063","exchange":"gemini","type":"sell"},{"timestamp":1783675525,"timestampms":1783675525543,"tid":2840141013682198,"price":"64295.74","amount":"0.00311063","exchange":"gemini","type":"buy"},{"timestamp":1783675522,"timestampms":1783675522243,"tid":2840141013682196,"price":"64300.68","amount":"0.00310977","exchange":"gemini","type":"buy"},{"timestamp":1783675522,"timestampms":1783675522123,"tid":2840141013682192,"price":"64300.67","amount":"0.00311039","exchange":"gemini","type":"sell"},{"timestamp":1783675521,"timestampms":1783675521989,"tid":2840141013682178,"price":"64314.66","amount":"0.07287306","exchange":"gemini","type":"sell"},{"timestamp":1783675521,"timestampms":1783675521989,"tid":2840141013682177,"price":"64317.46","amount":"0.01066494","exchange":"gemini","type":"sell"},{"timestamp":1783675521,"timestampms":1783675521989,"tid":2840141013682176,"price":"64317.69","amount":"0.04080677","exchange":"gemini","type":"sell"},{"timestamp":1783675521,"timestampms":1783675521989,"tid":2840141013682175,"price":"64325.89","amount":"0.01688884","exchange":"gemini","type":"sell"},{"timestamp":1783675521,"timestampms":1783675521989,"tid":2840141013682174,"price":"64328.38","amount":"0.46635507","exchange":"gemini","type":"sell"},{"timestamp":1783675512,"timestampms":1783675512283,"tid":2840141013682170,"price":"64317.46","amount":"0.00310958","exchange":"gemini","type":"buy"},{"timestamp":1783675499,"timestampms":1783675499421,"tid":2840141013682162,"price":"64317.46","amount":"0.00007696","exchange":"gemini","type":"buy"},{"timestamp":1783675482,"timestampms":1783675482847,"tid":2840141013682158,"price":"64317.44","amount":"0.00310958","exchange":"gemini","type":"sell"},{"timestamp":1783675482,"timestampms":1783675482723,"tid":2840141013682154,"price":"64317.44","amount":"0.00310958","exchange":"gemini","type":"sell"},{"timestamp":1783675482,"timestampms":1783675482603,"tid":2840141013682150,"price":"64304.52","amount":"0.0031102","exchange":"gemini","type":"buy"},{"timestamp":1783675426,"timestampms":1783675426352,"tid":2840141013682079,"price":"64297.09","amount":"0.00007776","exchange":"gemini","type":"buy"},{"timestamp":1783675403,"timestampms":1783675403903,"tid":2840141013682067,"price":"64297.58","amount":"0.00310973","exchange":"gemini","type":"buy"},{"timestamp":1783675403,"timestampms":1783675403821,"tid":2840141013682065,"price":"64314.35","amount":"0.00444563","exchange":"gemini","type":"sell"},{"timestamp":1783675391,"timestampms":1783675391387,"tid":2840141013682063,"price":"64314.36","amount":"0.00007774","exchange":"gemini","type":"buy"},{"timestamp":1783675387,"timestampms":1783675387219,"tid":2840141013682048,"price":"64314.36","amount":"0.00019685","exchange":"gemini","type":"buy"},{"timestamp":1783675386,"timestampms":1783675386623,"tid":2840141013682046,"price":"64314.35","amount":"0.00310973","exchange":"gemini","type":"sell"},{"timestamp":1783675378,"timestampms":1783675378333,"tid":2840141013682033,"price":"64314.36","amount":"0.00007774","exchange":"gemini","type":"buy"},{"timestamp":1783675353,"timestampms":1783675353763,"tid":2840141013682025,"price":"64314.36","amount":"0.00310973","exchange":"gemini","type":"buy"},{"timestamp":1783675341,"timestampms":1783675341784,"tid":2840141013682021,"price":"64314.35","amount":"0.00310973","exchange":"gemini","type":"sell"},{"timestamp":1783675327,"timestampms":1783675327815,"tid":2840141013682017,"price":"64319.17","amount":"0.00310188","exchange":"gemini","type":"buy"},{"timestamp":1783675313,"timestampms":1783675313163,"tid":2840141013682007,"price":"64316.33","amount":"0.00310973","exchange":"gemini","type":"buy"},{"timestamp":1783675312,"timestampms":1783675312024,"tid":2840141013681992,"price":"64314.35","amount":"0.00310973","exchange":"gemini","type":"sell"},{"timestamp":1783675298,"timestampms":1783675298929,"tid":2840141013681986,"price":"64302.66","amount":"0.00310925","exchange":"gemini","type":"buy"},{"timestamp":1783675294,"timestampms":1783675294636,"tid":2840141013681980,"price":"64317","amount":"0.00007697","exchange":"gemini","type":"buy"},{"timestamp":1783675294,"timestampms":1783675294190,"tid":2840141013681976,"price":"64316.4","amount":"0.00310963","exchange":"gemini","type":"sell"},{"timestamp":1783675294,"timestampms":1783675294083,"tid":2840141013681972,"price":"64316.99","amount":"0.0031096","exchange":"gemini","type":"sell"},{"timestamp":1783675280,"timestampms":1783675280984,"tid":2840141013681966,"price":"64309.46","amount":"0.00310998","exchange":"gemini","type":"buy"},{"timestamp":1783675277,"timestampms":1783675277164,"tid":2840141013681960,"price":"64319.67","amount":"0.00310978","exchange":"gemini","type":"sell"},{"timestamp":1783675277,"timestampms":1783675277043,"tid":2840141013681954,"price":"64313.24","amount":"0.00310978","exchange":"gemini","type":"buy"},{"timestamp":1783675272,"timestampms":1783675272443,"tid":2840141013681940,"price":"64313.63","amount":"0.0031099","exchange":"gemini","type":"buy"},{"timestamp":1783675265,"timestampms":1783675265963,"tid":2840141013681936,"price":"64310.84","amount":"0.0031099","exchange":"gemini","type":"sell"},{"timestamp":1783675264,"timestampms":1783675264597,"tid":2840141013681932,"price":"64302.59","amount":"0.00037924","exchange":"gemini","type":"buy"},{"timestamp":1783675254,"timestampms":1783675254443,"tid":2840141013681926,"price":"64301.47","amount":"0.00310993","exchange":"gemini","type":"buy"},{"timestamp":1783675244,"timestampms":1783675244983,"tid":2840141013681915,"price":"64310.16","amount":"0.00310993","exchange":"gemini","type":"sell"},{"timestamp":1783675236,"timestampms":1783675236602,"tid":2840141013681909,"price":"64310.17","amount":"0.00007699","exchange":"gemini","type":"buy"},{"timestamp":1783675235,"timestampms":1783675235136,"tid":2840141013681905,"price":"64310.16","amount":"0.00779179","exchange":"gemini","type":"sell"},{"timestamp":1783675234,"timestampms":1783675234573,"tid":2840141013681901,"price":"64310.17","amount":"0.00007699","exchange":"gemini","type":"buy"},{"timestamp":1783675221,"timestampms":1783675221623,"tid":2840141013681889,"price":"64298.23","amount":"0.00311153","exchange":"gemini","type":"sell"},{"timestamp":1783675200,"timestampms":1783675200163,"tid":2840141013681883,"price":"64277.07","amount":"0.00311153","exchange":"gemini","type":"buy"},{"timestamp":1783675178,"timestampms":1783675178023,"tid":2840141013681873,"price":"64277.05","amount":"0.00311122","exchange":"gemini","type":"sell"},{"timestamp":1783675166,"timestampms":1783675166963,"tid":2840141013681869,"price":"64283.41","amount":"0.00311082","exchange":"gemini","type":"buy"},{"timestamp":1783675108,"timestampms":1783675108763,"tid":2840141013681822,"price":"64263.1","amount":"0.00311221","exchange":"gemini","type":"buy"}]